<?xml version="1.0" encoding="UTF-8"?><collection xmlns="http://www.loc.gov/MARC21/slim"><record><leader>00550nam--2200181-i-4500</leader><controlfield tag="001">000018657</controlfield><controlfield tag="002">20161230</controlfield><controlfield tag="005">20161230201032</controlfield><controlfield tag="008">060222s1000------------r-----000-0-fre-d</controlfield><datafield ind1=" " ind2=" " tag="040"><subfield code="a">IFIN-HH</subfield></datafield><datafield ind1=" " ind2=" " tag="041"><subfield code="a">fre</subfield></datafield><datafield ind1=" " ind2=" " tag="080"><subfield code="a">537.533.35:621.385.833</subfield></datafield><datafield ind1="1" ind2=" " tag="100"><subfield code="a">Faget, Jean</subfield></datafield><datafield ind1="1" ind2="0" tag="245"><subfield code="a">Interference des ondes electroniques. application a une methode de microscopie electronique interferencielle</subfield><subfield code="b">These</subfield><subfield code="c">Jean faget</subfield></datafield><datafield ind1=" " ind2=" " tag="260"><subfield code="a">Toulouse</subfield><subfield code="b">Faculte Des Sciences</subfield><subfield code="c">1961</subfield></datafield><datafield ind1=" " ind2=" " tag="300"><subfield code="a">35 P</subfield></datafield><datafield ind1=" " ind2=" " tag="852"><subfield code="a">19129</subfield><subfield code="c">537.533.35</subfield></datafield><datafield ind1=" " ind2=" " tag="CAT"><subfield code="a">Sys</subfield><subfield code="c">20110902</subfield><subfield code="h">114257</subfield></datafield></record></collection>